@book{mayergoyz2009nonlinear,
  title={Nonlinear magnetization dynamics in nanosystems},
  author={Mayergoyz, Isaak D and Bertotti, Giorgio and Serpico, Claudio},
  year={2009},
  publisher={Elsevier}
}

@article{d2004nonlinear,
	title={Nonlinear magnetization dynamics in thin-films and nanoparticles},
	author={dâ€™Aquino, Massimiliano},
	journal={http://wpage. unina. it/mdaquino/PhD\_thesis/main/main. html},
	year={2004}
}

@book{Micromagnetism,
	title={Micromagnetism},
	author={Lukas Exl, Dieter Suess and Thomas Schref},
	journal={http://wpage. unina. it/mdaquino/PhD\_thesis/main/main. html},
	year={2020}
}

